@Book{Gogu2008,
  author    = {Gogu, Grigore},
  title     = {Structural synthesis of parallel robots, part 1: methodology},
  year      = {2008},
  publisher = {Springer Netherlands},
  volume    = {866},
  series    = {Solid Mechanics and Its Applications},
  doi       = {10.1007/978-1-4020-5710-6},
}

@Book{KongGos2007,
  author    = {Kong, Xianwen and Gosselin, Clément M.},
  title     = {Type synthesis of parallel mechanisms},
  year      = {2007},
  publisher = {Springer Berlin Heidelberg},
  doi       = {10.1007/978-3-540-71990-8},
}

@Book{Merlet2006,
  title     = {Parallel robots},
  publisher = {Springer Science \& Business Media},
  year      = {2006},
  author    = {Merlet, Jean-Pierre},
  volume    = {128},
  series    = {Solid Mechanics and Its Applications},
  edition   = {2nd},
  doi       = {10.1007/1-4020-4133-0},
}


@Article{JamwalHusXie2015,
  author    = {P. K. Jamwal and S. Hussain and S. Q. Xie},
  title     = {Three-Stage Design Analysis and Multicriteria Optimization of a Parallel Ankle Rehabilitation Robot Using Genetic Algorithm},
  journal   = {IEEE Transactions on Automation Science and Engineering},
  year      = {2015},
  volume    = {12},
  number    = {4},
  month     = oct,
  pages     = {1433--1446},
  issn      = {1558-3783},
  doi       = {10.1109/TASE.2014.2331241},
}


@InCollection{FrindtKreHes2010,
  author    = {Frindt, Matthias and Krefft, Mathias and Hesselbach, Jürgen},
  title     = {Structure and type synthesis of parallel manipulators},
  booktitle = {Robotic Systems for Handling and Assembly},
  year      = {2010},
  publisher = {Springer},
  pages     = {17--37},
  doi       = {10.1007/978-3-642-16785-0_2},
}


@Article{CoelloPulLec2004,
  author        = {Coello, Carlos A Coello and Pulido, Gregorio Toscano and Lechuga, M Salazar},
  title         = {Handling multiple objectives with particle swarm optimization},
  journal       = {IEEE Trans. on evolutionary computation},
  year          = {2004},
  volume        = {8},
  number        = {3},
  pages         = {256--279},
  publisher     = {IEEE},
  doi           = {10.1109/TEVC.2004.826067},
  note          = {code from V. Martínez-Cagigal.}
}
%, \textsc{Matlab} File Exchange.},

@Article{KelaiaiaComZaa2012,
  author    = {Kelaiaia, R. and Company, O. and Zaatri, A.},
  title     = {Multiobjective optimization of a linear Delta parallel robot},
  journal   = {Mechanism and Machine Theory},
  year      = {2012},
  volume    = {50},
  number    = {0},
  pages     = {159 - 178},
  doi       = {10.1016/j.mechmachtheory.2011.11.004},
}


@Article{StockMil2003,
  author    = {Stock, Michael and Miller, Karol},
  title     = {Optimal kinematic design of spatial parallel manipulators: application to linear delta robot},
  journal   = {J. Mech. Des.},
  year      = {2003},
  volume    = {125},
  number    = {2},
  pages     = {292--301},
  doi       = {10.1115/1.1563632},
}


@PhdThesis{Krefft2006,
  author    = {Krefft, M.},
  title     = {Aufgabenangepasste {O}ptimierung von {P}arallelstrukturen für {M}aschinen in der {P}roduktionstechnik},
  school    = {Technische Universität Braunschweig},
  year      = {2006},
  type      = {PhD thesis},
}


@Article{Mezura-MontesCoe2011,
  author    = {Mezura-Montes, Efrén and Coello, Carlos A Coello},
  title     = {Constraint-handling in nature-inspired numerical optimization: past, present and future},
  journal   = {Swarm and Evolutionary Computation},
  year      = {2011},
  volume    = {1},
  number    = {4},
  pages     = {173--194},
  doi       = {10.1016/j.swevo.2011.10.001},
  groups    = {Maßsynthese},
  publisher = {Elsevier},
}


@Article{Jordehi2015,
  author    = {Jordehi, A Rezaee},
  title     = {A review on constraint handling strategies in particle swarm optimisation},
  journal   = {Neural Computing and Applications},
  year      = {2015},
  volume    = {26},
  number    = {6},
  pages     = {1265--1275},
  doi       = {10.1007/s00521-014-1808-5},
}


@InProceedings{SchapplerOrt2020,
  author    = {Schappler, Moritz and Ortmaier, Tobias},
  title     = {Dimensional Synthesis of Parallel Robots: Unified Kinematics and Dynamics using Full Kinematic Constraints},
  booktitle = {6. IFToMM D-A-CH Konferenz},
  year      = {2020},
  address  = {Lienz, Österreich},
  doi       = {10.17185/duepublico/71211},
}


@article{Fowler2014,
  title={Flex-16: A Large-Displacement Monolithic Compliant Rotational Hinge},
  author={R. Fowler and A. Maselli and P. Pluimers and S. Magleby and L. L. Howell},
  journal={Mechanism and Machine Theory},
  doi = {10.1016/j.mechmachtheory.2014.08.008},
  year={2014},
  volume={82},
  pages={203-217}
}


@InProceedings{JahnRaatz2020,
    author={Jahn, Philipp and Raatz, Annika},
    title={Numerical simulation and statistical analysis of a cascaded flexure hinge for use in a cryogenic working environment},
    booktitle={Annals of Scientific Society for Assembly, Handling and Industrial Robotics},
    year={2020},
    doi={10.1007/978-3-662-61755-7_8},
    publisher={Springer Berlin Heidelberg},
    address={Berlin, Heidelberg},
    pages={81--94},
    isbn={978-3-662-61755-7}
}


@InProceedings{HeneinSpaDroMyk2003,
  author    = {Henein, Simon and Spanoudakis, Peter and Droz, Serge and Myklebust, Leif I and Onillon, Emmanuel},
  booktitle = {10th European Space Mechanisms and Tribology Symposium, San Sebastian, Spain},
  title     = {Flexure pivot for aerospace mechanisms},
  year      = {2003},
  pages     = {285--288},
}



@PhdThesis{raatz2006,
    title={{S}toffschlüssige {G}elenke aus pseudo-elastischen {F}ormgedächtnislegierungen in {P}ararellrobotern},
    author={Raatz, A.},
    school    = {Technische Universität Braunschweig},
    year      = {2006},
    type      = {PhD thesis},
}


@InProceedings{BorchertLoeBruCar2013,
  author    = {Borchert, G. and Löchte, C. and Brumme, S. and Carbone, G. and Ceccarelli, M. and Raatz, A.},
  booktitle = {New Trends in Mechanism and Machine Science},
  title     = {Design Methodology for a Compliant Binary Actuated Parallel Mechanism with Flexure Hinges},
  year      = {2013},
  address   = {Dordrecht},
  editor    = {Viadero, Fernando and Ceccarelli, Marco},
  pages     = {171--179},
  publisher = {Springer Netherlands},
  doi       = {10.1007/978-94-007-4902-3_18},
  isbn      = {978-94-007-4902-3},
}

@article{hesselbach2004performance,
  title={Performance of pseudo-elastic flexure hinges in parallel robots for micro-assembly tasks},
  author={Hesselbach, J and Raatz, A and Kunzmann, H},
  journal={CIRP Annals},
  doi= {10.1016/S0007-8506(07)60709-4},
  volume={53},
  number={1},
  pages={329--332},
  year={2004},
  publisher={Elsevier}
}